<?xml version="1.0" encoding="UTF-8"?><collection xmlns="http://www.loc.gov/MARC21/slim"><record><leader>00562nam--2200193-u-4500</leader><controlfield tag="001">000053210</controlfield><controlfield tag="002">20161230</controlfield><controlfield tag="005">20161230201051</controlfield><controlfield tag="008">110112s1000------------r-----000-0-rum-d</controlfield><datafield ind1=" " ind2=" " tag="040"><subfield code="a">IFIN-HH</subfield></datafield><datafield ind1=" " ind2=" " tag="041"><subfield code="a">rum</subfield></datafield><datafield ind1=" " ind2=" " tag="080"><subfield code="a">535.33:538.9(043)</subfield></datafield><datafield ind1="1" ind2=" " tag="100"><subfield code="a">Zota, Sorina</subfield></datafield><datafield ind1="1" ind2="0" tag="245"><subfield code="a">NOI AGREGATE ALE IONILOR METALICI NEGATIVI DE TIP ns2 IN CRISTALE DE KCI</subfield><subfield code="b">Rezumatul tezei</subfield><subfield code="c">Sorina zota</subfield></datafield><datafield ind1=" " ind2=" " tag="260"><subfield code="a">Bucuresti</subfield><subfield code="b">Ifa</subfield><subfield code="c">1999</subfield></datafield><datafield ind1=" " ind2=" " tag="300"><subfield code="a">40P</subfield></datafield><datafield ind1=" " ind2=" " tag="502"><subfield code="a">Conducator Stiintific: Prof. Dr. Vladimir Topa</subfield></datafield><datafield ind1=" " ind2=" " tag="852"><subfield code="a">81084</subfield><subfield code="c">539.2</subfield></datafield><datafield ind1=" " ind2=" " tag="CAT"><subfield code="a">Sys</subfield><subfield code="c">20110112</subfield><subfield code="h">142810</subfield></datafield></record></collection>